<record><leader>00000cas a22000007a 4500</leader><controlfield tag="001">21188856</controlfield><controlfield tag="008">900308c198u9999lauwr ne      0   a0eng d</controlfield><datafield ind1=" " ind2=" " tag="010"><subfield code="a">sn 90056024 </subfield></datafield><datafield ind1=" " ind2=" " tag="040"><subfield code="a">LNP</subfield><subfield code="b">eng</subfield><subfield code="c">LNP</subfield><subfield code="d">OCL</subfield><subfield code="d">OCLCQ</subfield><subfield code="d">NSD</subfield><subfield code="d">OCLCQ</subfield><subfield code="d">OCLCF</subfield><subfield code="d">OCLCO</subfield></datafield><datafield ind1=" " ind2=" " tag="012"><subfield code="l">1</subfield></datafield><datafield ind1="0" ind2=" " tag="022"><subfield code="a">1937-2019</subfield><subfield code="l">1937-2019</subfield><subfield code="2">1</subfield></datafield><datafield ind1="1" ind2=" " tag="029"><subfield code="a">AU@</subfield><subfield code="b">000041559850</subfield></datafield><datafield ind1=" " ind2=" " tag="037"><subfield code="b">Ponds Enterprises LLC, P.O. Box 1399, Ponchatoula, LA 70454</subfield></datafield><datafield ind1=" " ind2=" " tag="042"><subfield code="a">msc</subfield><subfield code="a">nsdp</subfield></datafield><datafield ind1=" " ind2=" " tag="043"><subfield code="a">n-us-la</subfield></datafield><datafield ind1="1" ind2="0" tag="082"><subfield code="a">071</subfield><subfield code="2">14</subfield></datafield><datafield ind1="0" ind2=" " tag="130"><subfield code="a">Drum (Ponchatoula, La.)</subfield></datafield><datafield ind1=" " ind2="4" tag="222"><subfield code="a">The drum</subfield><subfield code="b">(Ponchatoula, La.)</subfield></datafield><datafield ind1="1" ind2="4" tag="245"><subfield code="a">The drum.</subfield></datafield><datafield ind1=" " ind2=" " tag="260"><subfield code="a">Ponchatoula, La. :</subfield><subfield code="b">Eddie Ponds</subfield></datafield><datafield ind1=" " ind2=" " tag="300"><subfield code="a">v.</subfield></datafield><datafield ind1=" " ind2=" " tag="310"><subfield code="a">Weekly</subfield></datafield><datafield ind1="1" ind2=" " tag="362"><subfield code="a">Began with vol. 1, Issue 1 (Jan. 1987).</subfield></datafield><datafield ind1=" " ind2=" " tag="500"><subfield code="a">Publisher: Ponds Enterprises, &lt;Jan. 2007-&gt;</subfield></datafield><datafield ind1=" " ind2=" " tag="588"><subfield code="a">Description based on: Vol. 3, no. 19 (Feb. [i.e. Jan. 31] 1990).</subfield></datafield><datafield ind1=" " ind2=" " tag="588"><subfield code="a">Latest issue consulted: Vol. 20, no. 115 (Jan. 19, 2007).</subfield></datafield><datafield ind1=" " ind2="0" tag="650"><subfield code="a">African Americans</subfield><subfield code="z">Louisiana</subfield><subfield code="z">Ponchatoula</subfield><subfield code="v">Newspapers.</subfield></datafield><datafield ind1=" " ind2="7" tag="655"><subfield code="a">Newspapers.</subfield><subfield code="2">fast</subfield><subfield code="0">(OCoLC)fst01423814</subfield></datafield><datafield ind1=" " ind2="7" tag="650"><subfield code="a">African Americans.</subfield><subfield code="2">fast</subfield><subfield code="0">(OCoLC)fst00799558</subfield></datafield><datafield ind1=" " ind2="7" tag="651"><subfield code="a">Louisiana</subfield><subfield code="z">Ponchatoula.</subfield><subfield code="2">fast</subfield><subfield code="0">(OCoLC)fst01229069</subfield></datafield><datafield ind1="1" ind2=" " tag="700"><subfield code="a">Ponds, Eddie.</subfield></datafield><datafield ind1="2" ind2=" " tag="710"><subfield code="a">Ponds Enterprises.</subfield></datafield><datafield ind1=" " ind2=" " tag="752"><subfield code="a">United States</subfield><subfield code="b">Louisiana</subfield><subfield code="c">Tangipahoa</subfield><subfield code="d">Ponchatoula.</subfield></datafield></record>